@inproceedings{malkin1999experimenting,
  title        = {Experimenting with Shared Generation of RSA Keys.},
  author       = {Malkin, Michael and Wu, Thomas D and Boneh, Dan},
  booktitle    = {NDSS},
  year         = {1999},
  organization = {Citeseer}
}
@inproceedings{boneh1997efficient,
  title        = {Efficient generation of shared RSA keys},
  author       = {Boneh, Dan and Franklin, Matthew},
  booktitle    = {Annual international cryptology conference},
  pages        = {425--439},
  year         = {1997},
  organization = {Springer}
}
@inproceedings{catalano2000computing,
  title        = {Computing inverses over a shared secret modulus},
  author       = {Catalano, Dario and Gennaro, Rosario and Halevi, Shai},
  booktitle    = {International Conference on the Theory and Applications of Cryptographic Techniques},
  pages        = {190--206},
  year         = {2000},
  organization = {Springer}
}
@article{evans2018pragmatic,
  title     = {A pragmatic introduction to secure multi-party computation},
  author    = {Evans, David and Kolesnikov, Vladimir and Rosulek, Mike and others},
  journal   = {Foundations and Trends{\textregistered} in Privacy and Security},
  volume    = {2},
  number    = {2-3},
  pages     = {70--246},
  year      = {2018},
  publisher = {Now Publishers, Inc.}
}

@inproceedings{yao1982protocols,
  title        = {Protocols for secure computations},
  author       = {Yao, Andrew C},
  booktitle    = {23rd annual symposium on foundations of computer science (sfcs 1982)},
  pages        = {160--164},
  year         = {1982},
  organization = {IEEE}
}
